@article{smith2016software,
  title={Software citation principles},
  author={Smith, Arfon M and Katz, Daniel S and Niemeyer, Kyle E},
  journal={PeerJ Computer Science},
  volume={2},
  pages={e86},
  year={2016},
  publisher={PeerJ Inc.}
}